001  0000066
005  20170603110945.550
008  170429s||||     bl|||||||||||||||||por|u
020    $a9788561458379
040    $aPorto Alegre$bpor
090    $a394.2(=414)(813.8)$bB152
245 10 $aTerreiros de Candomblé de Cachoeira e São Félix$cBahia. Governo do Estado
260    $aSalvador, BA$bFundação Pedro Calmon; IPAC$c2015
300    $a244 P.$bil. color.$e1 cd
490 0  $aCadernos do IPAC$vn. 9
650    $aReligião
650    $aCandomblé
650    $aTerreiro
710 0_ $aBahia. Governo do Estado
